@article{grandoni2008short,
    title={A short proof of the {VPN} tree routing conjecture on ring networks},
    author={Grandoni, Fabrizio and Kaibel, Volker and Oriolo, Gianpaolo and Skutella, Martin},
    journal={Operations Research Letters},
    volume={36},
    number={3},
    pages={361--365},
    year={2008},
    publisher={Elsevier}
}
