@article{grandoni2008short,
    title={A short proof of the {VPN} tree routing conjecture on ring networks},
    author={Grandoni, F. and Kaibel, V. and Oriolo, G. and Skutella, M.},
    journal={Operations Research Letters},
    volume={36},
    number={3},
    pages={361--365},
    year={2008},
    publisher={Elsevier}
},
@article{fingerhut1997designing,
    title={Designing least-cost nonblocking broadband networks},
    author={Fingerhut, A.J. and Suri, S. and Turner, J.S.},
    journal={Journal of Algorithms},
    volume={24},
    number={2},
    pages={287--309},
    year={1997},
    publisher={Elsevier}
},
@inproceedings{gupta2001provisioning,
    title={Provisioning a virtual private network: A network design problem for multicommodity flow},
    author={Gupta, A. and Kleinberg, J. and Kumar, A. and Rastogi, R. and Yener, B.},
    booktitle={Proceedings of the thirty-third annual ACM symposium on Theory of computing},
    pages={389--398},
    year={2001}
},
@article{italiano2006design,
    title={Design of trees in the hose model: the balanced case},
    author={Italiano, G. and Leonardi, S. and Oriolo, G.},
    journal={Operations Research Letters},
    volume={34},
    number={6},
    pages={601--606},
    year={2006},
    publisher={Elsevier}
},
@article{hurkens2007virtual,
    title={Virtual private network design: A proof of the tree routing conjecture on ring networks},
    author={Hurkens, C.A.J. and Keijsper, J.C.M. and Stougie, L.},
    journal={SIAM Journal on Discrete Mathematics},
    volume={21},
    number={2},
    pages={482--503},
    year={2007},
    publisher={SIAM}
},
@article{goyal2013vpn,
    title={The VPN conjecture is true},
    author={Goyal, N. and Olver, N. and Shepherd, B.F.},
    journal={Journal of the ACM (JACM)},
    volume={60},
    number={3},
    pages={1--17},
    year={2013},
    publisher={ACM New York, NY, USA}
},
@article{OLVER2016191,
    title = "A note on hierarchical hubbing for a generalization of the VPN problem",
    journal = "Operations Research Letters",
    volume = "44",
    number = "2",
    pages = "191 - 195",
    year = "2016",
    issn = "0167-6377",
    doi = "https://doi.org/10.1016/j.orl.2015.12.020",
    url = "http://www.sciencedirect.com/science/article/pii/S016763771600002X",
    author = "Olver, N.",
    keywords = "Robust network design, VPN Conjecture, Oblivious routing",
    abstract = "Robust network design refers to a class of optimization problems that occur when designing networks to efficiently handle variable demands. In this context, Fréchette et al. (2013) recently explored hierarchical hubbing: a routing strategy involving a multiplicity of “hubs” connected to terminals and each other in a treelike fashion. For a natural generalization of the VPN problem, we prove a structural characterization implying that the optimal hierarchical hubbing solution can be found efficiently, and relate this to a “Generalized VPN Conjecture”."
}
